@article{SHI2016123,
title = "Discriminative predicate path mining for fact checking in knowledge graphs",
journal = "Knowledge-Based Systems",
volume = "104",
pages = "123 - 133",
year = "2016",
issn = "0950-7051",
doi = "https://doi.org/10.1016/j.knosys.2016.04.015",
url = "http://www.sciencedirect.com/science/article/pii/S0950705116300570",
author = "Baoxu Shi and Tim Weninger",
keywords = "Fact checking, Path finding, Knowledge graph"
}